<?xml version="1.0" encoding="UTF-8"?><collection xmlns="http://www.loc.gov/MARC21/slim"><record><leader>00516nam--2200193-u-4500</leader><controlfield tag="001">000054411</controlfield><controlfield tag="002">20161230</controlfield><controlfield tag="005">20161230201051</controlfield><controlfield tag="008">111207s1000------------r-----000-0-rus-d</controlfield><datafield ind1=" " ind2=" " tag="040"><subfield code="a">IFIN-HH</subfield></datafield><datafield ind1=" " ind2=" " tag="041"><subfield code="a">rus</subfield></datafield><datafield ind1=" " ind2=" " tag="080"><subfield code="a">538.9</subfield></datafield><datafield ind1="1" ind2=" " tag="100"><subfield code="a">Zaharov, V.E</subfield></datafield><datafield ind1="1" ind2="0" tag="245"><subfield code="a">Teoria solitonov: metod obratnoi zadaci</subfield><subfield code="c">V.e. zaharov, s.v. makarov, s.p. novikov, l.p. pitaevskii</subfield></datafield><datafield ind1=" " ind2=" " tag="260"><subfield code="a">Moskva</subfield><subfield code="b">Nauka</subfield><subfield code="c">1980</subfield></datafield><datafield ind1=" " ind2=" " tag="300"><subfield code="a">319P</subfield></datafield><datafield ind1="1" ind2=" " tag="700"><subfield code="a">Pitaevskii, L.P</subfield></datafield><datafield ind1=" " ind2=" " tag="852"><subfield code="a">48842</subfield><subfield code="c">539.12</subfield></datafield><datafield ind1=" " ind2=" " tag="CAT"><subfield code="a">Sys</subfield><subfield code="c">20111207</subfield><subfield code="h">152549</subfield></datafield></record></collection>